<?xml version="1.0" encoding="UTF-8"?><collection xmlns="http://www.loc.gov/MARC21/slim"><record><leader>00608nam--2200205-i-4500</leader><controlfield tag="001">000013573</controlfield><controlfield tag="002">20161230</controlfield><controlfield tag="005">20161230201030</controlfield><controlfield tag="008">060222s1000------------r-----000-0-eng-d</controlfield><datafield ind1=" " ind2=" " tag="020"><subfield code="a">0906346037</subfield></datafield><datafield ind1=" " ind2=" " tag="040"><subfield code="a">IFIN-HH</subfield></datafield><datafield ind1=" " ind2=" " tag="080"><subfield code="a">539.1.08(061.3)</subfield></datafield><datafield ind1="1" ind2=" " tag="100"><subfield code="a">Booz, J</subfield></datafield><datafield ind1="1" ind2="0" tag="245"><subfield code="a">Sixth symposium on microdosimetry</subfield><subfield code="b">Brussels, belgium, may 22-26, 1978</subfield><subfield code="c">J. booz, h.g. ebert (eds.)</subfield></datafield><datafield ind1=" " ind2=" " tag="260"><subfield code="a">Brussels</subfield><subfield code="b">Harwood Academic Publishers Ltd</subfield><subfield code="c">1978</subfield></datafield><datafield ind1=" " ind2=" " tag="300"><subfield code="a">2 VOLUME</subfield></datafield><datafield ind1="1" ind2=" " tag="700"><subfield code="a">Ebert, H.G</subfield></datafield><datafield ind1="1" ind2=" " tag="787"><subfield code="a">Volume 2</subfield><subfield code="h">Xiv +(689-1261)P</subfield></datafield><datafield ind1=" " ind2=" " tag="852"><subfield code="a">49011</subfield><subfield code="c">539.1.07:539.1.08</subfield></datafield><datafield ind1=" " ind2=" " tag="CAT"><subfield code="a">Sys</subfield><subfield code="c">20111027</subfield><subfield code="h">160353</subfield></datafield></record></collection>